<record><leader>00000cas a22000007a 4500</leader><controlfield tag="001">22399429</controlfield><controlfield tag="008">900918d191u19uucoudr ne      0    0eng d</controlfield><datafield ind1=" " ind2=" " tag="010"><subfield code="a">sn 90051656 </subfield></datafield><datafield ind1=" " ind2=" " tag="040"><subfield code="a">CNQ</subfield><subfield code="b">eng</subfield><subfield code="c">CNQ</subfield><subfield code="d">OCLCQ</subfield></datafield><datafield ind1=" " ind2=" " tag="042"><subfield code="a">msc</subfield></datafield><datafield ind1="0" ind2="0" tag="245"><subfield code="a">Trinidad free press.</subfield></datafield><datafield ind1="1" ind2="7" tag="246"><subfield code="a">Daily free press</subfield></datafield><datafield ind1=" " ind2=" " tag="260"><subfield code="a">Trinidad, Colo. :</subfield><subfield code="b">Samuel J. Lewis</subfield></datafield><datafield ind1=" " ind2=" " tag="300"><subfield code="a">v.</subfield></datafield><datafield ind1=" " ind2=" " tag="310"><subfield code="a">Daily</subfield></datafield><datafield ind1=" " ind2=" " tag="588"><subfield code="a">Description based on: Vol. 1, no. 74 (Jan. 23, 1914).</subfield></datafield><datafield ind1=" " ind2=" " tag="752"><subfield code="a">United States</subfield><subfield code="b">Colorado</subfield><subfield code="c">Las Animas</subfield><subfield code="d">Trinidad.</subfield></datafield><datafield ind1="0" ind2=" " tag="775"><subfield code="t">Weekly free press (Trinidad, Colo.)</subfield><subfield code="w">(DLC)sn 90051657</subfield></datafield><datafield ind1="0" ind2="0" tag="780"><subfield code="t">Daily free press (Trinidad, Colo. : 1913)</subfield><subfield code="w">(DLC)sn 90051655</subfield></datafield></record>